<record><leader>00000cas a2200000   4500</leader><controlfield tag="001">4960829</controlfield><controlfield tag="008">790514c19uu9999cauwr ne      0   a0eng c</controlfield><datafield ind1=" " ind2=" " tag="010"><subfield code="a">sn 79002837 </subfield></datafield><datafield ind1=" " ind2=" " tag="040"><subfield code="a">NSD</subfield><subfield code="b">eng</subfield><subfield code="c">NSD</subfield><subfield code="d">OCL</subfield><subfield code="d">CNK</subfield><subfield code="d">OCLCQ</subfield><subfield code="d">OCLCF</subfield><subfield code="d">OCLCO</subfield></datafield><datafield ind1=" " ind2=" " tag="012"><subfield code="k">1</subfield><subfield code="m">c</subfield></datafield><datafield ind1="1" ind2=" " tag="022"><subfield code="a">0191-7307</subfield><subfield code="l">0191-7307</subfield><subfield code="2">1</subfield></datafield><datafield ind1="1" ind2=" " tag="029"><subfield code="a">AU@</subfield><subfield code="b">000020632924</subfield></datafield><datafield ind1=" " ind2=" " tag="032"><subfield code="a">364790</subfield><subfield code="b">USPS</subfield></datafield><datafield ind1=" " ind2=" " tag="042"><subfield code="a">pcc</subfield><subfield code="a">nsdp</subfield></datafield><datafield ind1=" " ind2=" " tag="043"><subfield code="a">n-us-ca</subfield></datafield><datafield ind1=" " ind2="4" tag="222"><subfield code="a">The Malibu surfside news</subfield></datafield><datafield ind1="0" ind2="4" tag="245"><subfield code="a">The Malibu surfside news.</subfield></datafield><datafield ind1="3" ind2=" " tag="246"><subfield code="a">Malibu news</subfield></datafield><datafield ind1=" " ind2=" " tag="260"><subfield code="a">Malibu, Calif. :</subfield><subfield code="b">Anne Soble,</subfield></datafield><datafield ind1=" " ind2=" " tag="310"><subfield code="a">Weekly</subfield></datafield><datafield ind1=" " ind2=" " tag="500"><subfield code="a">"Surfside" appears in small print between "Malibu" and "News."</subfield></datafield><datafield ind1=" " ind2=" " tag="588"><subfield code="a">Description based on: Vol. 24, no. 7 (Dec. 12, 1996).</subfield></datafield><datafield ind1=" " ind2="0" tag="651"><subfield code="a">Malibu (Calif.)</subfield><subfield code="v">Newspapers.</subfield></datafield><datafield ind1=" " ind2="7" tag="655"><subfield code="a">Newspapers.</subfield><subfield code="2">fast</subfield><subfield code="0">(OCoLC)fst01423814</subfield></datafield><datafield ind1=" " ind2="7" tag="651"><subfield code="a">California</subfield><subfield code="z">Malibu.</subfield><subfield code="2">fast</subfield><subfield code="0">(OCoLC)fst01208494</subfield></datafield><datafield ind1=" " ind2=" " tag="752"><subfield code="a">United States</subfield><subfield code="b">California</subfield><subfield code="c">Los Angeles</subfield><subfield code="d">Malibu.</subfield></datafield><datafield ind1=" " ind2=" " tag="936"><subfield code="a">v. 6, no. 24</subfield></datafield></record>